@article{paper,
    title        = {Learning with Local and Global Consistency},
    author       = {Dengyong Zhou, Olivier Bousquet, Thomas Navin Lal, Jason Weston and Bernhard Scholkopf},
    year         = {2003},
}